@article{lundberg2017unified,
  title={A unified approach to interpreting model predictions},
  author={Lundberg, Scott M and Lee, Su-In},
  journal={Advances in Neural Information Processing Systems},
  volume={30},
  year={2017}
}

@article{ribeiro2016lime,
  title={" Why should I trust you?" Explaining the predictions of any classifier},
  author={Ribeiro, Marco Tulio and Singh, Sameer and Guestrin, Carlos},
  journal={Proceedings of the 22nd ACM SIGKDD international conference on knowledge discovery and data mining},
  pages={1135--1144},
  year={2016}
}

@article{molnar2020interpretable,
  title={Interpretable machine learning: A guide for making black box models explainable},
  author={Molnar, Christoph},
  journal={Leanpub},
  year={2020}
}

@article{nycdot2020mobility,
  title={New York City Mobility Report},
  author={{New York City Department of Transportation}},
  year={2020},
  url={https://www1.nyc.gov/html/dot/html/about/mobilityreport.shtml}
}

@article{wang2020machine,
  title={Machine learning for traffic prediction: A methodological overview},
  author={Wang, Jingyuan and Chen, Jiayu and Wang, Shuai and Gu, Yijun and Yang, Xueming and Wu, Yun and Tang, Yunhuai},
  journal={IEEE Transactions on Intelligent Transportation Systems},
  volume={23},
  number={5},
  pages={3692--3712},
  year={2020},
  publisher={IEEE}
}

@article{zhang2011data,
  title={Data-driven intelligent transportation systems: A survey},
  author={Zhang, Junping and Wang, Fei-Yue and Wang, Kunfeng and Lin, Wei-Hua and Xu, Xin and Chen, Cheng},
  journal={IEEE Transactions on Intelligent Transportation Systems},
  volume={12},
  number={4},
  pages={1624--1639},
  year={2011},
  publisher={IEEE}
}

@article{yin2020traffic,
  title={Traffic management and traffic engineering in 5G networks: A survey},
  author={Yin, Jia and Liu, Xuejun and Ye, Chunxia and Dai, Wenyuan and Wei, Xuetong and Li, Anfeng},
  journal={Sensors},
  volume={20},
  number={12},
  pages={3381},
  year={2020},
  publisher={MDPI}
}

@article{barann2017machine,
  title={Machine learning for short-term traffic predictions on large urban road networks},
  author={Barann, Benjamin and Lucas, Anna and Thies, Florian and Hohenstein, Tim},
  journal={Technical Report.},
  year={2017}
}

@article{jin2020deep,
  title={Deep learning methods for traffic flow prediction: A comprehensive review},
  author={Jin, Weiwei and Lin, Yun and Zhao, Zhiyu and Wu, Jianming},
  journal={IEEE Transactions on Intelligent Transportation Systems},
  volume={22},
  number={6},
  pages={3491--3507},
  year={2020},
  publisher={IEEE}
}

@article{nyc_congestion_pricing,
  title={Congestion pricing in {NYC}: Traffic effects and implementation},
  author={Falcocchio, John C and Levinson, Herbert S},
  journal={Transportation Research Record},
  volume={2680},
  number={1},
  pages={67--74},
  year={2019},
  publisher={SAGE Publications Sage CA: Los Angeles, CA}
}

@article{nyc_bus_lanes,
  title={The {NYC} bus project: Learning from global practice},
  author={Levy, Alon and Goldwyn, Eric},
  journal={NYU Marron Institute of Urban Management},
  year={2018}
}

@article{guo2019urban,
  title={Urban analytics: History, trajectory, and critique},
  author={Guo, Junyu and Ewing, Reid},
  journal={Journal of Planning Literature},
  volume={34},
  number={4},
  pages={402--420},
  year={2019},
  publisher={SAGE Publications Sage CA: Los Angeles, CA}
}

@book{moody2019traffic,
  title={Traffic congestion and its consequences},
  author={Moody, Joanna and Zhao, Jinhua},
  year={2019},
  publisher={Elsevier}
}

@article{shabestary2018deep,
  title={Deep learning with word embeddings improves biomedical named entity recognition},
  author={Shabestary, Amir and Saeed, Mohsen},
  journal={Bioinformatics},
  volume={34},
  number={13},
  pages={i37--i48},
  year={2018},
  publisher={Oxford University Press}
} 